<record><leader>00000cas a22000007a 4500</leader><controlfield tag="001">16108079</controlfield><controlfield tag="008">870630d187418uumsuuu ne      0    0eng d</controlfield><controlfield tag="009">7298</controlfield><datafield ind1=" " ind2=" " tag="010"><subfield code="a">sn 87065475 </subfield></datafield><datafield ind1=" " ind2=" " tag="040"><subfield code="a">MJA</subfield><subfield code="b">eng</subfield><subfield code="c">MJA</subfield><subfield code="d">MSJ</subfield><subfield code="d">OCLCQ</subfield></datafield><datafield ind1=" " ind2=" " tag="042"><subfield code="a">msc</subfield></datafield><datafield ind1="0" ind2="0" tag="245"><subfield code="a">Oxford weekly ricochet.</subfield></datafield><datafield ind1=" " ind2=" " tag="260"><subfield code="a">Oxford, Miss. :</subfield><subfield code="b">[s.n.],</subfield><subfield code="c">1874-</subfield></datafield><datafield ind1="0" ind2=" " tag="362"><subfield code="a">Vol. 1, no. 1 (Jul. 14, 1874)-</subfield></datafield><datafield ind1=" " ind2=" " tag="752"><subfield code="a">United States</subfield><subfield code="b">Mississippi</subfield><subfield code="c">Lafayette</subfield><subfield code="d">Oxford.</subfield></datafield></record>